%% This BibTeX bibliography file was created using BibDesk.
%% http://bibdesk.sourceforge.net/

%% Created for Yiming Xu at 2019-01-17 23:59:48 -0700 


%% Saved with string encoding Unicode (UTF-8) 


@book{wilde2013quantum,
  title={Quantum information theory},
  author={Wilde, Mark M},
  year={2013},
  publisher={Cambridge University Press}
}


@inproceedings{slonim2000agglomerative,
  title={Agglomerative information bottleneck},
  author={Slonim, Noam and Tishby, Naftali},
  booktitle={Advances in neural information processing systems},
  pages={617--623},
  year={2000}
}

@article{alemi2016deep,
  title={Deep variational information bottleneck},
  author={Alemi, Alexander A and Fischer, Ian and Dillon, Joshua V and Murphy, Kevin},
  journal={arXiv preprint arXiv:1612.00410},
  year={2016}
}

@inproceedings{tishby2015deep,
  title={Deep learning and the information bottleneck principle},
  author={Tishby, Naftali and Zaslavsky, Noga},
  booktitle={2015 IEEE Information Theory Workshop (ITW)},
  pages={1--5},
  year={2015},
  organization={IEEE}
}


@article{kingma2013auto,
  title={Auto-encoding variational bayes},
  author={Kingma, Diederik P and Welling, Max},
  journal={arXiv preprint arXiv:1312.6114},
  year={2013}
}