%% This BibTeX bibliography file was created using BibDesk.
%% http://bibdesk.sourceforge.net/

%% Created for Yiming Xu at 2019-01-17 23:59:48 -0700 


%% Saved with string encoding Unicode (UTF-8) 


@article{lattimore2018bandit,
  title={Bandit algorithms},
  author={Lattimore, Tor and Szepesv{\'a}ri, Csaba},
  journal={preprint},
  pages={28},
  year={2018}
}